<record><leader>00000cas a2200000 a 4500</leader><controlfield tag="001">33886547</controlfield><controlfield tag="008">951211c19559999fluwr ne      0    0eng c</controlfield><datafield ind1=" " ind2=" " tag="010"><subfield code="a">sn 95047483 </subfield></datafield><datafield ind1=" " ind2=" " tag="040"><subfield code="a">FUG</subfield><subfield code="b">eng</subfield><subfield code="c">FUG</subfield><subfield code="d">OCLCQ</subfield><subfield code="d">OCLCF</subfield><subfield code="d">OCLCO</subfield></datafield><datafield ind1=" " ind2=" " tag="012"><subfield code="i">9512</subfield></datafield><datafield ind1="1" ind2=" " tag="029"><subfield code="a">AU@</subfield><subfield code="b">000025894711</subfield></datafield><datafield ind1=" " ind2=" " tag="042"><subfield code="a">pcc</subfield></datafield><datafield ind1=" " ind2=" " tag="043"><subfield code="a">n-us-fl</subfield></datafield><datafield ind1="0" ind2="4" tag="245"><subfield code="a">The Herald-advocate.</subfield></datafield><datafield ind1=" " ind2=" " tag="260"><subfield code="a">Wauchula, Fla. :</subfield><subfield code="b">Wm. J. Kelly,</subfield><subfield code="c">1955-</subfield></datafield><datafield ind1=" " ind2=" " tag="300"><subfield code="a">v.</subfield></datafield><datafield ind1=" " ind2=" " tag="310"><subfield code="a">Weekly</subfield></datafield><datafield ind1="0" ind2=" " tag="362"><subfield code="a">55th year, no. 31 (Sept. 2, 1955)-</subfield></datafield><datafield ind1=" " ind2=" " tag="530"><subfield code="a">Also issued on microfilm from the University of Florida.</subfield></datafield><datafield ind1=" " ind2=" " tag="588"><subfield code="a">Latest issue consulted: 95th year, no. 50 (Nov. 30, 1995).</subfield></datafield><datafield ind1=" " ind2="0" tag="651"><subfield code="a">Wauchula (Fla.)</subfield><subfield code="v">Newspapers.</subfield></datafield><datafield ind1=" " ind2="0" tag="651"><subfield code="a">Hardee County (Fla.)</subfield><subfield code="v">Newspapers.</subfield></datafield><datafield ind1=" " ind2="7" tag="655"><subfield code="a">Newspapers.</subfield><subfield code="2">fast</subfield><subfield code="0">(OCoLC)fst01423814</subfield></datafield><datafield ind1=" " ind2="7" tag="651"><subfield code="a">Florida</subfield><subfield code="z">Hardee County.</subfield><subfield code="2">fast</subfield><subfield code="0">(OCoLC)fst01216885</subfield></datafield><datafield ind1=" " ind2="7" tag="651"><subfield code="a">Florida</subfield><subfield code="z">Wauchula.</subfield><subfield code="2">fast</subfield><subfield code="0">(OCoLC)fst01208701</subfield></datafield><datafield ind1=" " ind2=" " tag="752"><subfield code="a">United States</subfield><subfield code="b">Florida</subfield><subfield code="c">Hardee</subfield><subfield code="d">Wauchula.</subfield></datafield><datafield ind1="1" ind2=" " tag="776"><subfield code="c">Microfilm</subfield><subfield code="d">George A. Smathers Libraries, University of Florida</subfield><subfield code="w">(DLC)sn 96027465</subfield><subfield code="w">(OCoLC)35126459</subfield></datafield><datafield ind1="0" ind2="4" tag="780"><subfield code="t">Hardee County herald</subfield><subfield code="w">(DLC)sn 96027136</subfield><subfield code="w">(OCoLC)1801632</subfield></datafield><datafield ind1="0" ind2="4" tag="780"><subfield code="t">Florida advocate (Wauchula, Fla.)</subfield><subfield code="w">(DLC)sn 96027137</subfield><subfield code="w">(OCoLC)1374619</subfield></datafield><datafield ind1=" " ind2=" " tag="850"><subfield code="a">FU</subfield></datafield></record>